@book{sutton,
  title={Rocket Propulsion Elements},
  edition={7},
  author={Sutton, George and Biblarz, Oscar},
  year={2001},
  publisher={John Wiley & Sons, Inc.},
  address={New York},
  chapter={1, ...}
}

@book{krasnov1985aero,
  title={Aerodynamics 1},
  author={Krasnov, Nikolai F.},
  year={1985},
  publisher={Mir Publishers Moscow},
  address={Moscow},
  chapter={1, ...}
}

@article{rocketanatomy,
  title={Rocket Anatomy 101},
  author={Newton, Mark},
  journal={NAR Member Guidebook},
  pages={4},
  year={2012},
  publisher={NAR}
}

@online{openrocket,
  title = {OpenRocket Simulator},
  year = 2001,
  url = {http://openrocket.info/},
  urldate = {2019-07-27}
}

@online{nakkafin,
  title = {Richard Nakka's Experimental Rocketry Web Site},
  year = 1997,
  url = {https://www.nakka-rocketry.net/fins.html},
  urldate = {2019-07-20}
}

@online{nakkaparquedas,
  title = {Richard Nakka's Experimental Rocketry Web Site},
  year = 1999,
  url = {https://www.nakka-rocketry.net/parasys.html},
  urldate = {2019-07-20}
}

@online{nakkaburnrate,
  title = {Richard Nakka's Experimental Rocketry Web Site},
  year = 1999,
  url = {https://www.nakka-rocketry.net/bntest.html},
  urldate = {2019-07-27}
}

@online{nakkasrm,
  title = {Richard Nakka's Experimental Rocketry Web Site},
  year = 1999,
  url = {https://www.nakka-rocketry.net/softw.html},
  urldate = {2019-07-27}
}

@online{nakkaparapat,
  title = {Richard Nakka's Experimental Rocketry Web Site},
  year = 1999,
  url = {https://www.nakka-rocketry.net/softw.html},
  urldate = {2019-07-28}
}

@online{aco1045_1,
  title = {All Metals and Forge Group Web Site},
  year = 2013;
  url = {https://www.steelforge.com/aisi-1045/},
  urldate = {2019-07-27}
}

@online{aco1045_ggd,
  title = {GGD Metals Web Site},
  year = 2015,
  url = {https://ggdmetals.com.br/en/produto/sae-1045/},
  urldate = {2019-07-27}
}

@online{aluminio6351_ggd,
  title = {GGD Metals Web Site},
  year = 2015,
  url = {https://ggdmetals.com.br/en/produto/aluminio-6351-t6/},
  urldate = {2019-07-27}
}
